@Manual{HostingGit,
  author = 	 {Garry Dolley},
  title = 	 {Hosting Git repositories, The Easy (and Secure) Way},
  address = {\url{http://scie.nti.st/2007/11/14/hosting-git-repositories-the-easy-and-secure-way}},
  month = 	 nov,
  year = 	 2007,
}

@TechReport{HTTPDigest,
  author = 	 {J. Franks and P. Hallam-Baker and J. Hostetler and S. Lawrence and P. leach and A. Luotonen and L. Stewart},
  title = 	 {{HTTP} Authentication: Basic and Digest Access Authentication},
  institution =  {Internet Engineering Task Force},
  year = 	 1999,
  address = 	 {\url{http://tools.ietf.org/html/rfc2617}},
  month = 	 jun,
}

@Manual{GitHTTPS,
  title = 	 {Setting up a {G}it repository which can be pushed into and pulled from over {HTTP(S)}},
  author = 	 {Johannes Schindelin and Rutger Nijlunsing and Matthieu Moy},
  address = 	 {\url{http://www.kernel.org/pub/software/scm/git/docs/howto/setup-git-server-over-http.txt}},
  month = 	 aug,
  year = 	 2006,
}

@Misc{GitPluginTrac,
  author = 	 {Herbert Valerio Riedel and Hans Petter Jansson},
  title = 	 {{Track Hacks - GitPlugin}},
  howpublished = {\url{http://trac-hacks.org/wiki/GitPlugin}},
  month = 	 feb,
  year = 	 2008,
}

@Misc{Redmine,
  key = {Redmine},
  title = 	 {{Redmine - Overview}},
  howpublished = {\url{http://www.redmine.org}},
  year = 	 2008,
}

@Misc{Trac,
  key = {Trac},
  title = 	 {{The Trac Project}},
  howpublished = {\url{http://trac.edgewall.org/}},
  year = 	 2008,
}

